<?xml version="1.0" encoding="UTF-8"?><record xmlns="http://www.loc.gov/MARC21/slim" xmlns:cinclude="http://apache.org/cocoon/include/1.0" xmlns:zs="http://www.loc.gov/zing/srw/">
  <leader>00370nz  a2200133n  4500</leader>
  <controlfield tag="001">nb2001020390</controlfield>
  <controlfield tag="003">DLC</controlfield>
  <controlfield tag="005">20010322064114.0</controlfield>
  <controlfield tag="008">010321n| acannaabn          |n aaa      </controlfield>
  <datafield tag="010" ind1=" " ind2=" ">
    <subfield code="a">nb2001020390</subfield>
  </datafield>
  <datafield tag="040" ind1=" " ind2=" ">
    <subfield code="a">Uk</subfield>
    <subfield code="b">eng</subfield>
    <subfield code="c">Uk</subfield>
  </datafield>
  <datafield tag="100" ind1="1" ind2="0">
    <subfield code="a">Bøgh, Knud,</subfield>
    <subfield code="d">1899-</subfield>
  </datafield>
  <datafield tag="670" ind1=" " ind2=" ">
    <subfield code="a">Danmark i digtning, 1947-1951:</subfield>
    <subfield code="b">t.p. (Knud Bøgh)</subfield>
  </datafield>
  <datafield tag="670" ind1=" " ind2=" ">
    <subfield code="a">LC, 21 Mar. 2001:</subfield>
    <subfield code="b">(hdg.: Bøgh, Knud, 1899-)</subfield>
  </datafield>
</record>